<record><leader>00000cas a22000007a 4500</leader><controlfield tag="001">21655243</controlfield><controlfield tag="008">900531d18911895couwr ne      0    0eng d</controlfield><datafield ind1=" " ind2=" " tag="010"><subfield code="a">sn 90051369 </subfield></datafield><datafield ind1=" " ind2=" " tag="040"><subfield code="a">CNQ</subfield><subfield code="b">eng</subfield><subfield code="c">CNQ</subfield><subfield code="d">OCLCQ</subfield></datafield><datafield ind1=" " ind2=" " tag="042"><subfield code="a">msc</subfield></datafield><datafield ind1="0" ind2=" " tag="130"><subfield code="a">Pantagraph (Craig, Colo. : 1891)</subfield></datafield><datafield ind1="1" ind2="4" tag="245"><subfield code="a">The pantagraph.</subfield></datafield><datafield ind1=" " ind2=" " tag="260"><subfield code="a">Craig, Routt County, Colo. :</subfield><subfield code="b">C.H. Bronaugh</subfield></datafield><datafield ind1=" " ind2=" " tag="300"><subfield code="a">v.</subfield></datafield><datafield ind1=" " ind2=" " tag="310"><subfield code="a">Weekly</subfield></datafield><datafield ind1="1" ind2=" " tag="362"><subfield code="a">Began on Mar. 12, 1891; ceased in 1895.</subfield></datafield><datafield ind1=" " ind2=" " tag="530"><subfield code="a">Available on microfilm from the Colorado Historical Society.</subfield></datafield><datafield ind1=" " ind2=" " tag="588"><subfield code="a">Description based on: Vol. 1, no. 7 (Apr. 23, 1891).</subfield></datafield><datafield ind1=" " ind2=" " tag="752"><subfield code="a">United States</subfield><subfield code="b">Colorado</subfield><subfield code="c">Moffat</subfield><subfield code="d">Craig.</subfield></datafield><datafield ind1=" " ind2=" " tag="752"><subfield code="a">United States</subfield><subfield code="b">Colorado</subfield><subfield code="c">Routt</subfield><subfield code="d">Craig.</subfield></datafield><datafield ind1="0" ind2="0" tag="785"><subfield code="t">Craig courier (Craig, Colo. : 1895)</subfield><subfield code="w">(DLC)sn 90051383</subfield></datafield></record>